<?xml version="1.0" encoding="UTF-8"?>
<record xmlns="http://www.loc.gov/MARC21/slim">
   <leader>01388cam a2200349 a 4500</leader>
   <controlfield tag="001">124569</controlfield>
   <controlfield tag="003">NjP</controlfield>
   <controlfield tag="005">20190705135603.0</controlfield>
   <controlfield tag="008">830221s1934    le f          000 0cara d</controlfield>
   <datafield tag="024" ind1="7" ind2=" ">
      <subfield code="a">princeton_aco004855</subfield>
      <subfield code="2">local</subfield>
   </datafield>
   <datafield ind1=" " ind2=" " tag="040">
      <subfield code="a">NjP</subfield>
      <subfield code="c">PUL</subfield>
      <subfield code="d">PUL</subfield>
   </datafield>
   <datafield ind1=" " ind2=" " tag="066">
      <subfield code="c">(3</subfield>
   </datafield>
   <datafield ind1=" " ind2=" " tag="035">
      <subfield code="a">(CStRLIN)NJPG83-B12916</subfield>
   </datafield>
   <datafield ind1=" " ind2=" " tag="035">
      <subfield code="9">AAT9319TS</subfield>
   </datafield>
   <datafield ind1=" " ind2=" " tag="035">
      <subfield code="a">(NjP)124569</subfield>
   </datafield>
   <datafield ind1=" " ind2=" " tag="043">
      <subfield code="a">a-sy---</subfield>
      <subfield code="a">a-le---</subfield>
   </datafield>
   <datafield ind1=" " ind2=" " tag="049">
      <subfield code="a">PULL</subfield>
   </datafield>
   <datafield ind1=" " ind2=" " tag="035">
      <subfield code="a">(OCoLC)ocm79079549</subfield>
   </datafield>
   <datafield ind1="1" ind2=" " tag="100">
      <subfield code="6">880-01</subfield>
      <subfield code="a">Armalah, Isḥāq.</subfield>
   </datafield>
   <datafield ind1="1" ind2="0" tag="245">
      <subfield code="6">880-02</subfield>
      <subfield code="a">Wathāʼiq khaṭṭīyah fī ʻalāʼiq āl Ṭarrāzī bi-al-millah al-Suryānīyah /</subfield>
      <subfield code="c">bi-qalam Isḥāq Armalah al-Suryānī.</subfield>
   </datafield>
   <datafield ind1=" " ind2=" " tag="260">
      <subfield code="6">880-03</subfield>
      <subfield code="a">Bayrūt :</subfield>
      <subfield code="b">al-Maṭbaʻah al-kāthūlīkīyah,</subfield>
      <subfield code="c">1934.</subfield>
   </datafield>
   <datafield ind1=" " ind2=" " tag="300">
      <subfield code="a">177 p., [16] leaves of plates :</subfield>
      <subfield code="b">ports. ;</subfield>
      <subfield code="c">24 cm.</subfield>
   </datafield>
   <datafield ind1=" " ind2=" " tag="504">
      <subfield code="a">Includes bibliographical references.</subfield>
   </datafield>
   <datafield ind1="3" ind2="0" tag="600">
      <subfield code="a">Ṭarrāzī family.</subfield>
   </datafield>
   <datafield ind1=" " ind2="0" tag="650">
      <subfield code="a">Christians</subfield>
      <subfield code="z">Lebanon</subfield>
      <subfield code="x">Biography.</subfield>
   </datafield>
   <datafield ind1="1" ind2=" " tag="880">
      <subfield code="6">100-01/(3/r</subfield>
      <subfield code="a">ارملة، اسحاق.</subfield>
   </datafield>
   <datafield ind1="1" ind2="0" tag="880">
      <subfield code="6">245-02/(3/r</subfield>
      <subfield code="a">وثائق خطية في علائق آل طرازي بالملة السريانية /</subfield>
      <subfield code="c">بقلم اسحاق ارملة السرياني.</subfield>
   </datafield>
   <datafield ind1=" " ind2=" " tag="880">
      <subfield code="6">260-03/(3/r</subfield>
      <subfield code="a">بيروت :</subfield>
      <subfield code="b">المطبعة الكاثوليكية،</subfield>
      <subfield code="c">1934.</subfield>
   </datafield>
   <datafield ind1=" " ind2=" " tag="998">
      <subfield code="a">02/22/83</subfield>
      <subfield code="s">9114</subfield>
      <subfield code="n">NjP</subfield>
      <subfield code="w">NJPG83B12916</subfield>
      <subfield code="d">02/21/83</subfield>
      <subfield code="c">SSH</subfield>
      <subfield code="b">MT</subfield>
      <subfield code="i">830222</subfield>
      <subfield code="l">NJPG</subfield>
   </datafield>
   <datafield ind1=" " ind2=" " tag="911">
      <subfield code="a">19921028</subfield>
   </datafield>
   <datafield ind1=" " ind2=" " tag="912">
      <subfield code="a">19980212050446.0</subfield>
   </datafield>
   <datafield ind1=" " ind2=" " tag="994">
      <subfield code="a">C0</subfield>
      <subfield code="b">PUL</subfield>
   </datafield>
   <datafield ind1=" " ind2=" " tag="999">
      <subfield code="a">124569</subfield>
   </datafield>
   <datafield ind1=" " ind2=" " tag="979">
      <subfield code="a">(OCoLC)ocn175489020</subfield>
   </datafield>
   <datafield ind1="0" ind2="0" tag="852">
      <subfield code="0">139010</subfield>
      <subfield code="b">rcppa</subfield>
      <subfield code="t">1</subfield>
      <subfield code="h">CS1519.T3</subfield>
      <subfield code="i">1934</subfield>
      <subfield code="x">tr fr arab</subfield>
   </datafield>
   <datafield ind1=" " ind2=" " tag="959">
      <subfield code="a">2005-10-25 11:24:30 -0400</subfield>
   </datafield>
</record>
